@article{blevins2015count,
	title={Count-based research in management: Suggestions for improvement},
	author={Blevins, Dane P and Tsang, Eric WK and Spain, Seth M},
	journal={Organizational Research Methods},
	volume={18},
	number={1},
	pages={47--69},
	year={2015},
	publisher={Sage Publications Sage CA: Los Angeles, CA}
}

@article{cameron1996r,
	title={R-squared measures for count data regression models with applications to health-care utilization},
	author={Cameron, A Colin and Windmeijer, Frank AG},
	journal={Journal of Business \& Economic Statistics},
	volume={14},
	number={2},
	pages={209--220},
	year={1996},
	publisher={Taylor \& Francis}
}

@article{luchman2014relative,
	title={Relative importance analysis with multicategory dependent variables: An extension and review of best practices},
	author={Luchman, Joseph N},
	journal={Organizational Research Methods},
	volume={17},
	number={4},
	pages={452--471},
	year={2014},
	publisher={SAGE Publications Sage CA: Los Angeles, CA}
}

@article{luchman2020relative,
	title={Relative importance analysis with multivariate models: Shifting the focus from independent variables to parameter estimates},
	author={Luchman, JN and Lei, X and Kaplan, SA},
	journal={Journal of Applied Structural Equation Modeling},
	volume={4},
	number={2},
	pages={1--20},
	year={2020}
}

@article{azen2009using,
	title={Using dominance analysis to determine predictor importance in logistic regression},
	author={Azen, Razia and Traxel, Nicole},
	journal={Journal of Educational and Behavioral Statistics},
	volume={34},
	number={3},
	pages={319--347},
	year={2009},
	publisher={Sage Publications Sage CA: Los Angeles, CA}
}

 @Manual{R,
	title = {R: A Language and Environment for Statistical Computing},
	author = {{R Core Team}},
	organization = {R Foundation for Statistical Computing},
	address = {Vienna, Austria},
	year = {2022},
	url = {https://www.R-project.org/},
}

  @Book{MASS,
	title = {Modern Applied Statistics with S},
	author = {W. N. Venables and B. D. Ripley},
	publisher = {Springer},
	edition = {Fourth},
	address = {New York},
	year = {2002},
	note = {ISBN 0-387-95457-0},
	url = {https://www.stats.ox.ac.uk/pub/MASS4/},
}

@article{luchman2021determining,
	title={Determining relative importance in Stata using dominance analysis: domin and domme},
	author={Luchman, Joseph N},
	journal={The Stata Journal},
	volume={21},
	number={2},
	pages={510--538},
	year={2021},
	publisher={SAGE Publications Sage CA: Los Angeles, CA}
}

@article{tonidandel2011relative,
	title={Relative importance analysis: A useful supplement to regression analysis},
	author={Tonidandel, Scott and LeBreton, James M},
	journal={Journal of Business and Psychology},
	volume={26},
	number={1},
	pages={1--9},
	year={2011},
	publisher={Springer}
}
